<record><leader>00000cas a2200000 a 4500</leader><controlfield tag="001">43112616</controlfield><controlfield tag="008">991230d19511959oruwr ne      0    0eng c</controlfield><datafield ind1=" " ind2=" " tag="010"><subfield code="a">sn 99063890 </subfield></datafield><datafield ind1=" " ind2=" " tag="040"><subfield code="a">OCN</subfield><subfield code="b">eng</subfield><subfield code="c">OCN</subfield><subfield code="d">OCLCQ</subfield><subfield code="d">OCLCF</subfield><subfield code="d">OCLCO</subfield></datafield><datafield ind1=" " ind2=" " tag="042"><subfield code="a">pcc</subfield></datafield><datafield ind1=" " ind2=" " tag="043"><subfield code="a">n-us-or</subfield></datafield><datafield ind1="0" ind2="4" tag="245"><subfield code="a">The Sutherlin sun Oakland tribune.</subfield></datafield><datafield ind1="1" ind2="7" tag="246"><subfield code="a">Sutherlin sun</subfield></datafield><datafield ind1=" " ind2=" " tag="260"><subfield code="a">Sutherlin, Douglas County, Or. :</subfield><subfield code="b">Sutherlin Pub. Co., Ore. Ltd.,</subfield><subfield code="c">1951-1959.</subfield></datafield><datafield ind1=" " ind2=" " tag="300"><subfield code="a">v.</subfield></datafield><datafield ind1=" " ind2=" " tag="310"><subfield code="a">Weekly</subfield></datafield><datafield ind1="0" ind2=" " tag="362"><subfield code="a">Vol. 38, no. 47 (Aug. 3, 1951)-v. 46, no. 38 (May 29, 1959).</subfield></datafield><datafield ind1=" " ind2=" " tag="530"><subfield code="a">Also issued on microfilm from University of Oregon.</subfield></datafield><datafield ind1=" " ind2="0" tag="651"><subfield code="a">Sutherlin (Or.)</subfield><subfield code="v">Newspapers.</subfield></datafield><datafield ind1=" " ind2="0" tag="651"><subfield code="a">Oakland (Or.)</subfield><subfield code="v">Newspapers.</subfield></datafield><datafield ind1=" " ind2="0" tag="651"><subfield code="a">Douglas County (Or.)</subfield><subfield code="v">Newspapers.</subfield></datafield><datafield ind1=" " ind2="7" tag="655"><subfield code="a">Newspapers.</subfield><subfield code="2">fast</subfield><subfield code="0">(OCoLC)fst01423814</subfield></datafield><datafield ind1=" " ind2="7" tag="651"><subfield code="a">Oregon</subfield><subfield code="z">Douglas County.</subfield><subfield code="2">fast</subfield><subfield code="0">(OCoLC)fst01222154</subfield></datafield><datafield ind1=" " ind2="7" tag="651"><subfield code="a">Oregon</subfield><subfield code="z">Oakland.</subfield><subfield code="2">fast</subfield><subfield code="0">(OCoLC)fst01223382</subfield></datafield><datafield ind1=" " ind2="7" tag="651"><subfield code="a">Oregon</subfield><subfield code="z">Sutherlin.</subfield><subfield code="2">fast</subfield><subfield code="0">(OCoLC)fst01226305</subfield></datafield><datafield ind1=" " ind2=" " tag="752"><subfield code="a">United States</subfield><subfield code="b">Oregon</subfield><subfield code="c">Douglas</subfield><subfield code="d">Sutherlin.</subfield></datafield><datafield ind1="0" ind2="0" tag="780"><subfield code="t">Sutherlin sun</subfield><subfield code="w">(DLC)sn 99063889</subfield></datafield><datafield ind1="0" ind2="0" tag="785"><subfield code="t">Sun-tribune (Sutherlin, Or.)</subfield><subfield code="w">(DLC)sn 99063891</subfield></datafield></record>